@book{eberspacher2008gsm,
  title={GSM-architecture, protocols and services},
  author={Ebersp{\"a}cher, J{\"o}rg and V{\"o}gel, Hans-J{\"o}rg and Bettstetter, Christian and Hartmann, Christian},
  year={2008},
  publisher={John Wiley \& Sons}
}

@article{glendrange2010decoding,
  title={Decoding GSM},
  author={Glendrange, Magnus and Hove, Kristian and Hvideberg, Espen},
  year={2010},
  publisher={Institutt for telematikk}
}
@misc{gnuradio,
  title = {{GNU Radio}},
  howpublished = "\url{http://gnuradio.org}",
}

@article{etsi199203,
  title={03.20:" Digital cellular telecommunications system (Phase 2+)},
  author={ETSI, GSM},
  journal={Security related network functions},
  year={1992}
}
